<?xml version="1.0" encoding="UTF-8"?>
<Document xmlns="urn:iso:std:iso:20022:tech:xsd:pain.001.001.09">
  <CstmrCdtTrfInitn>
    <GrpHdr>
      <MsgId>PAIN20260510-001</MsgId>
      <CreDtTm>2026-05-10T09:00:00</CreDtTm>
      <NbOfTxs>1</NbOfTxs>
      <CtrlSum>1500.00</CtrlSum>
      <InitgPty>
        <Nm>ACME Corp</Nm>
      </InitgPty>
    </GrpHdr>
    <PmtInf>
      <PmtInfId>BATCH-2026-05-10-A</PmtInfId>
      <PmtMtd>TRF</PmtMtd>
      <BtchBookg>false</BtchBookg>
      <NbOfTxs>1</NbOfTxs>
      <CtrlSum>1500.00</CtrlSum>
      <PmtTpInf>
        <SvcLvl>
          <Cd>SEPA</Cd>
        </SvcLvl>
        <CtgyPurp>
          <Cd>SUPP</Cd>
        </CtgyPurp>
      </PmtTpInf>
      <ReqdExctnDt>
        <Dt>2026-05-12</Dt>
      </ReqdExctnDt>
      <Dbtr>
        <Nm>ACME Corp</Nm>
      </Dbtr>
      <DbtrAcct>
        <Id>
          <IBAN>DE89370400440532013000</IBAN>
        </Id>
      </DbtrAcct>
      <DbtrAgt>
        <FinInstnId>
          <BICFI>DEUTDEFFXXX</BICFI>
        </FinInstnId>
      </DbtrAgt>
      <ChrgBr>SLEV</ChrgBr>
      <CdtTrfTxInf>
        <PmtId>
          <InstrId>INSTR-001</InstrId>
          <EndToEndId>E2E-PAIN-001</EndToEndId>
        </PmtId>
        <Amt>
          <InstdAmt Ccy="EUR">1500.00</InstdAmt>
        </Amt>
        <CdtrAgt>
          <FinInstnId>
            <BICFI>BNPAFRPPXXX</BICFI>
          </FinInstnId>
        </CdtrAgt>
        <Cdtr>
          <Nm>Acme Supplier SARL</Nm>
        </Cdtr>
        <CdtrAcct>
          <Id>
            <IBAN>FR1420041010050500013M02606</IBAN>
          </Id>
        </CdtrAcct>
        <RmtInf>
          <Ustrd>Invoice 2026-0042</Ustrd>
        </RmtInf>
      </CdtTrfTxInf>
    </PmtInf>
  </CstmrCdtTrfInitn>
</Document>
